 @article{FominZelivinsky2002CAF,
  author     = {Fomin, Sergey and Zelevinsky, Andrei},
  title      = {Cluster algebras. {I}. {F}oundations},
  journal    = {J. Amer. Math. Soc.},
  fjournal   = {Journal of the American Mathematical Society},
  volume     = {15},
  year       = {2002},
  number     = {2},
  pages      = {497--529},
  issn       = {0894-0347,1088-6834},
  mrclass    = {16S99 (14M99 17B99)},
  mrnumber   = {1887642},
  mrreviewer = {Eric\ N.\ Sommers},
  doi        = {10.1090/S0894-0347-01-00385-X},
  url        = {https://doi.org/10.1090/S0894-0347-01-00385-X}
}

@article{BerensteinZelivinsky2005QCA,
  author     = {Berenstein, Arkady and Zelevinsky, Andrei},
  title      = {Quantum cluster algebras},
  journal    = {Adv. Math.},
  fjournal   = {Advances in Mathematics},
  volume     = {195},
  year       = {2005},
  number     = {2},
  pages      = {405--455},
  issn       = {0001-8708,1090-2082},
  mrclass    = {20G42 (14M17 22E46)},
  mrnumber   = {2146350},
  mrreviewer = {Oleg\ V.\ Ogievetsky},
  doi        = {10.1016/j.aim.2004.08.003},
  url        = {https://doi.org/10.1016/j.aim.2004.08.003}
}
@article{GoodearlYakimov2017QCA,
  author     = {Goodearl, K. R. and Yakimov, M. T.},
  title      = {Quantum cluster algebra structures on quantum nilpotent
                algebras},
  journal    = {Mem. Amer. Math. Soc.},
  fjournal   = {Memoirs of the American Mathematical Society},
  volume     = {247},
  year       = {2017},
  number     = {1169},
  pages      = {vii+119},
  issn       = {0065-9266,1947-6221},
  isbn       = {978-1-4704-3694-0; 978-1-4704-3699-5},
  mrclass    = {16S38 (13F60 16S36 16U30 17B37)},
  mrnumber   = {3633289},
  mrreviewer = {Jason\ Gaddis},
  doi        = {10.1090/memo/1169},
  url        = {https://doi.org/10.1090/memo/1169}
}